%%Ting som må refereres.
%% Synnfjordkommune
%% Renasys https://www.renasys.com/nb
%% IEC standarar
%% Codesys
%% biblioteker i codesys 
%% Automation https://store.codesys.com/en/codesys-building-automation-library.html
%% Util - https://help.codesys.com/webapp/idx-Util-lib;product=Util;version=3.5.15.0
%% Systime bibliotek

@online{Renasys,
  author = {Renasys},
  title = {Renasys AS},
  year = {2024},
  url = {https://www.renasys.com/nb},
  urldate = {2024-04-19}
}

@online{SunnfjordKommune,
  author = {Sunnfjord Kommune},
  title = {Sunnfjord Kommune},
  year = {2024},
  url = {https://sunnfjord.kommune.no/},
  urldate = {2024-04-19}
  }

@article{tesla1888,
  author = {Nikola Tesla},
  title = {A New System of Alternate Current Motors and Transformers},
  journal = {Transactions of the American Institute of Electrical Engineers},
  volume = {V},
  number = {10},
  pages = {308--327},
  year = {1888},
  doi = {10.1109/T-AIEE.1888.5570379}
}

@book{knuth1986,
  author = {Donald E. Knuth},
  title = {The TeXbook},
  publisher = {Addison-Wesley},
  year = {1986},
  isbn = {9780201134483}
}

@book{lamport1994,
  author = {Leslie Lamport and David Bibby},
  title = {{\LaTeX}: A Document Preparation System : User’s Guide and Reference Manual},
  series = {Addison-Wesley Series on Tools},
  publisher = {Addison-Wesley},
  year = {1994},
  isbn = {9780201529838}
}

@online{website,
  author = {Author Name},
  title = {Title of the Web Page},
  year = {2022},
  url = {https://www.example.com},
  urldate = {2022-03-20}
}

@phdthesis{doe2020,
  author = {Jane Doe},
  title = {A Study on Quantum Computing},
  school = {University of Science},
  year = {2020}
}

@inproceedings{smith2001,
  author = {John Smith and Jane Doe},
  title = {Advances in Robotics},
  booktitle = {Proceedings of the IEEE International Conference on Robotics and Automation},
  year = {2001},
  pages = {123--128},
  doi = {10.1109/ROBOT.2001.932123}
}